@inproceedings{archambeau2007gaussian,
  title={Gaussian process approximations of stochastic differential equations},
  author={Archambeau, Cedric and Cornford, Dan and Opper, Manfred and Shawe-Taylor, John},
  booktitle={Gaussian Processes in Practice},
  pages={1--16},
  year={2007}
}

@inproceedings{archambeau2008variational,
  title={Variational inference for diffusion processes},
  author={Archambeau, C{\'e}dric and Opper, Manfred and Shen, Yuan and Cornford, Dan and Shawe-taylor, John S},
  booktitle={Advances in Neural Information Processing Systems},
  pages={17--24},
  year={2008}
}

@article{babtie2014topological,
  title={Topological sensitivity analysis for systems biology},
  author={Babtie, Ann C and Kirk, Paul and Stumpf, Michael P H},
  journal={Proceedings of the National Academy of Sciences},
  volume={111},
  number={52},
  pages={18507--18512},
  year={2014},
  publisher={National Acad Sciences}
}

@book{bishop2006pattern,
  title={Pattern recognition and machine learning},
  author={Bishop, Christopher M},
  year={2006},
  publisher={Springer}
}

@article{blei2017variational,
  title={Variational inference: A review for statisticians},
  author={Blei, David M and Kucukelbir, Alp and McAuliffe, Jon D},
  journal={Journal of the American Statistical Association},
  volume = {112},
  number = {518},
  pages = {859-877},
  year = {2017},
  doi = {10.1080/01621459.2017.1285773},
  publisher={Taylor \& Francis}
}

@book{butcher2016numerical,
  title={Numerical methods for ordinary differential equations},
  author={Butcher, John Charles},
  year={2016},
  publisher={John Wiley \& Sons}
}

@inproceedings{calderhead2009accelerating,
  title={Accelerating Bayesian inference over nonlinear differential equations with Gaussian processes},
  author={Calderhead, Ben and Girolami, Mark and Lawrence, Neil D},
  booktitle={Advances in neural information processing systems},
  pages={217--224},
  year={2009}
}

@inproceedings{dondelinger2013ode,
  title={ODE parameter inference using adaptive gradient matching with Gaussian processes},
  author={Dondelinger, Frank and Husmeier, Dirk and Rogers, Simon and Filippone, Maurizio},
  booktitle={Artificial Intelligence and Statistics},
  pages={216--228},
  year={2013}
}

@book{ellner2011dynamic,
  title={Dynamic models in biology},
  author={Ellner, Stephen P and Guckenheimer, John},
  year={2011},
  publisher={Princeton University Press}
}

@book{gardiner2009stochastic,
  title={Stochastic methods: a handbook for the natural and social sciences},
  author={Gardiner, Crispin W},
  year={2009},
  publisher={Springer}
}

@book{goodfellow2016deep,
  title={Deep learning},
  author={Goodfellow, Ian and Bengio, Yoshua and Courville, Aaron},
  year={2016},
  publisher={MIT press}
}

@article{gorbach2016mean,
  title={Mean-Field Variational Inference for Gradient Matching with Gaussian Processes},
  author={Gorbach, Nico S and Bauer, Stefan and Buhmann, Joachim M},
  journal={arXiv preprint arXiv:1610.06949},
  year={2016}
}

@article{gorbach2017scalable,
  title={Scalable Variational Inference for Dynamical Systems},
  author={Gorbach, Nico S and Bauer, Stefan and Buhmann, Joachim M},
  journal={arXiv preprint arXiv:1705.07079},
  year={2017}
}

@article{grune2001pathwise,
  title={Pathwise approximation of random ordinary differential equations},
  author={Gr{\"u}ne, Lars and Kloeden, PE},
  journal={BIT Numerical Mathematics},
  volume={41},
  number={4},
  pages={711--721},
  year={2001},
  publisher={Springer}
}

@article{higham2001algorithmic,
  title={An algorithmic introduction to numerical simulation of stochastic differential equations},
  author={Higham, Desmond J},
  journal={SIAM review},
  volume={43},
  number={3},
  pages={525--546},
  year={2001},
  publisher={SIAM}
}

@inproceedings{hinton1999products,
  title={Products of experts},
  author={Hinton, Geoffrey E},
  booktitle={ICANN'99},
  volume={1},
  pages={1--6},
  year={1999},
}

@article{hoffman2013stochastic,
  title={Stochastic variational inference},
  author={Hoffman, Matthew D and Blei, David M and Wang, Chong and Paisley, John},
  journal={The Journal of Machine Learning Research},
  volume={14},
  number={1},
  pages={1303--1347},
  year={2013},
  publisher={JMLR. org}
}

@article{imkeller2001conjugacy,
  title={The conjugacy of stochastic and random differential equations and the existence of global attractors},
  author={Imkeller, Peter and Schmalfuss, Bj{\"o}rn},
  journal={Journal of Dynamics and Differential Equations},
  volume={13},
  number={2},
  pages={215--249},
  year={2001},
  publisher={Springer}
}

@article{jensen1906fonctions,
  title={Sur les fonctions convexes et les in{\'e}galit{\'e}s entre les valeurs moyennes},
  author={Jensen, Johan Ludwig William Valdemar},
  journal={Acta mathematica},
  volume={30},
  number={1},
  pages={175--193},
  year={1906},
  publisher={Springer}
}

@book{jentzen2011taylor,
  title={Taylor approximations for stochastic partial differential equations},
  author={Jentzen, Arnulf and Kloeden, Peter E},
  year={2011},
  publisher={SIAM}
}

@article{jordan1999introduction,
  title={An introduction to variational methods for graphical models},
  author={Jordan, Michael I and Ghahramani, Zoubin and Jaakkola, Tommi S and Saul, Lawrence K},
  journal={Machine learning},
  volume={37},
  number={2},
  pages={183--233},
  year={1999},
  publisher={Springer}
}

@book{kalnay2003atmospheric,
  title={Atmospheric modeling, data assimilation and predictability},
  author={Kalnay, Eugenia},
  year={2003},
  publisher={Cambridge university press}
}

@inproceedings{kloeden2007pathwise,
  title={Pathwise convergent higher order numerical schemes for random ordinary differential equations},
  author={Kloeden, Peter E and Jentzen, Arnulf},
  booktitle={Proceedings of the Royal Society of London A: Mathematical, Physical and Engineering Sciences},
  volume={463},
  number={2087},
  pages={2929--2944},
  year={2007},
  organization={The Royal Society}
}

@article{kucukelbir2017automatic,
  title={Automatic Differentiation Variational Inference},
  author={Kucukelbir, Alp and Tran, Dustin and Ranganath, Rajesh and Gelman, Andrew and Blei, David M},
  journal={Journal of Machine Learning Research},
  volume={18},
  number={14},
  pages={1--45},
  year={2017}
}

@article{kullback1951information,
  title={On information and sufficiency},
  author={Kullback, Solomon and Leibler, Richard A},
  journal={The annals of mathematical statistics},
  volume={22},
  number={1},
  pages={79--86},
  year={1951},
  publisher={JSTOR}
}

@article{lorenz1963deterministic,
  title={Deterministic nonperiodic flow},
  author={Lorenz, Edward N},
  journal={Journal of the atmospheric sciences},
  volume={20},
  number={2},
  pages={130--141},
  year={1963}
}

@inproceedings{lorenz1996predictability,
  title={Predictability: A problem partly solved},
  author={Lorenz, Edward N},
  booktitle={Proc. Seminar on predictability},
  volume={1},
  number={1},
  year={1996}
}

@article{lorenz2000butterfly,
  title={The butterfly effect},
  author={Lorenz, Edward},
  journal={World Scientific Series on Nonlinear Science Series A},
  volume={39},
  pages={91--94},
  year={2000}
}

@article{lotka1932growth,
  title={The growth of mixed populations: two species competing for a common food supply},
  author={Lotka, Alfred J},
  journal={Journal of the Washington Academy of Sciences},
  volume={22},
  number={16/17},
  pages={461--469},
  year={1932},
  publisher={JSTOR}
}

@article{macdonald2015gradient,
  title={Gradient matching methods for computational inference in mechanistic models for systems biology: a review and comparative analysis},
  author={Macdonald, Benn and Husmeier, Dirk},
  journal={Frontiers in bioengineering and biotechnology},
  volume={3},
  year={2015},
  publisher={Frontiers Media SA}
}

@book{mackay2003information,
  title={Information theory, inference and learning algorithms},
  author={MacKay, David JC},
  year={2003},
  publisher={Cambridge university press}
}

@book{murphy2012machine,
  title={Machine learning: a probabilistic perspective},
  author={Murphy, Kevin P},
  year={2012},
  publisher={MIT press}
}

@book{nocedal2006numerical,
  title={Numerical Optimization},
  author={Nocedal, J. and Wright, S.},
  isbn={9780387227429},
  lccn={99013263},
  series={Springer Series in Operations Research and Financial Engineering},
  year={2006},
  publisher={Springer New York}
}

@book{oksendal2013stochastic,
  title={Stochastic Differential Equations: An Introduction with Applications},
  author={{\O}ksendal, Bernt},  
  year={2013},
  publisher={Springer}
}

@article{petersen2012matrix,
  title={The matrix cookbook},
  author={Petersen, Kaare B and Pedersen, Michael S},
  year={2012}
}

@article{ramsay2007parameter,
  title={Parameter estimation for differential equations: a generalized smoothing approach},
  author={Ramsay, Jim O and Hooker, Giles and Campbell, David and Cao, Jiguo},
  journal={Journal of the Royal Statistical Society: Series B (Statistical Methodology)},
  volume={69},
  number={5},
  pages={741--796},
  year={2007},
  publisher={Wiley Online Library}
}

@book{rasmussen2006gaussian,
  title={Gaussian processes for machine learning},
  author={Rasmussen, Carl E and Williams, Christopher K I},
  volume={1},
  year={2006},
  publisher={MIT press}
}

@article{riesinger2016solving,
  title={Solving Random Ordinary Differential Equations on GPU Clusters using Multiple Levels of Parallelism},
  author={Riesinger, Christoph and Neckel, Tobias and Rupp, Florian},
  journal={SIAM Journal on Scientific Computing},
  volume={38},
  number={4},
  pages={C372--C402},
  year={2016},
  publisher={SIAM}
}

@article{sussmann1978gap,
  title={On the gap between deterministic and stochastic ordinary differential equations},
  author={Sussmann, H{\'e}ctor J},
  journal={The Annals of Probability},
  pages={19--41},
  year={1978},
  publisher={JSTOR}
}

@article{vrettas2011estimating,
  title={Estimating parameters in stochastic systems: A variational Bayesian approach},
  author={Vrettas, Michail D and Cornford, Dan and Opper, Manfred},
  journal={Physica D: Nonlinear Phenomena},
  volume={240},
  number={23},
  pages={1877--1900},
  year={2011},
  publisher={Elsevier}
}

@article{vrettas2015variational,
  title={Variational mean-field algorithm for efficient inference in large systems of stochastic differential equations},
  author={Vrettas, Michail D and Opper, Manfred and Cornford, Dan},
  journal={Physical Review E},
  volume={91},
  number={1},
  pages={012148},
  year={2015},
  publisher={APS}
}

@article{vyshemirsky2007bayesian,
  title={Bayesian ranking of biochemical system models},
  author={Vyshemirsky, Vladislav and Girolami, Mark A},
  journal={Bioinformatics},
  volume={24},
  number={6},
  pages={833--839},
  year={2007},
  publisher={Oxford University Press}
}

@article{wainwright2008graphical,
  title={Graphical models, exponential families, and variational inference},
  author={Wainwright, Martin J and Jordan, Michael I and others},
  journal={Foundations and Trends{\textregistered} in Machine Learning},
  volume={1},
  number={1--2},
  pages={1--305},
  year={2008},
  publisher={Now Publishers, Inc.}
}
